%% Created using Papers on Mon, 20 Feb 2012.
%% http://mekentosj.com/papers/

@article{Yang:2010to,
author = {Yang, W and Yu, M and Sun, X and Woolley, AT},
title = {{Microdevices integrating affinity columns and capillary electrophoresis for multibiomarker analysis in human serum}},
journal = {Lab Chip},
year = {2010}
}

@article{Zhang:2011ft,
author = {Zhang, Guo-Jun and Luo, Zhan Hong Henry and Huang, Min Joon and Ang, Jun'An Jason and Kang, Tae Goo and Ji, Hongmiao},
title = {{An integrated chip for rapid, sensitive, and multiplexed detection of cardiac biomarkers from fingerprick blood}},
journal = {Biosensors and Bioelectronics},
year = {2011},
volume = {28},
number = {1},
pages = {459--463},
month = oct
}

@article{Zou:2006wk,
author = {Zou, Zhiwei and Kai, Junhai and Rust, Michael J and Ahn, Chong H},
title = {{A NANO INTERDIGITATED ELECTRODES ARRAY ON POLYMER FOR DISPOSABLE IMPEDIMETRIC BIOSENSORS}},
journal = {Hilton Head Workshop},
year = {2006},
pages = {1--4},
month = jun
}

